@misc{data_doc,
  doi = {10.7483/OPENDATA.ATLAS.ZBP2.M5T8},
  url = {http://opendata.cern.ch/record/328},
  author = {{ATLAS Collaboration}},
  title = {Dataset from the ATLAS Higgs Boson Machine Learning Challenge 2014},
  publisher = {CERN Open Data Portal},
  year = {2014}
}
@online{missing_values_doc,
  url = {https://towardsdatascience.com/working-with-missing-data-in-machine-learning-9c0a430df4ce},
  author = {{Boyan Angelov}},
  title = {Working with Missing Data in Machine Learning},
  year = {2017}
}